@online{wikipedia:cu,
    author = {Unbekannt},
    title = {Control Unit},
    year = 2020,
    url = {https://en.wikipedia.org/wiki/Central_processing_unit#Control_unit},
    urldate = {2020-10-05}
}

@online{wikipedia:alu,
    author = {Unbekannt},
    title = {Arithmetic Logic Unit},
    year = 2020,
    url = {https://en.wikipedia.org/wiki/Central_processing_unit#Arithmetic_logic_unit},
    urldate = {2020-10-05}
}

@online{wikipedia:agu,
    author = {Unbekannt},
    title = {Address Generation Unit},
    year = 2020,
    url = {https://en.wikipedia.org/wiki/Central_processing_unit#Address_generation_unit},
    urldate = {2020-10-05}
}

@online{wikipedia:aussagenlogik,
    author = {Unbekannt},
    title = {Aussagenlogik},
    year = 2020,
    url = {https://de.wikipedia.org/wiki/Aussagenlogik},
    urldate = {2020-10-07}
}